<record><leader>00000cas a2200000 a 4500</leader><controlfield tag="001">23473074</controlfield><controlfield tag="007">hd afu---buca</controlfield><controlfield tag="008">910416d17831784nyuwr nea     0   a0eng d</controlfield><datafield ind1=" " ind2=" " tag="010"><subfield code="a">sn 91026085 </subfield></datafield><datafield ind1=" " ind2=" " tag="040"><subfield code="a">IQU</subfield><subfield code="b">eng</subfield><subfield code="c">IQU</subfield><subfield code="d">HUL</subfield><subfield code="d">NST</subfield><subfield code="d">OCL</subfield><subfield code="d">OCLCQ</subfield><subfield code="d">DLC</subfield><subfield code="d">INU</subfield><subfield code="d">OCLCF</subfield><subfield code="d">OCLCO</subfield></datafield><datafield ind1=" " ind2=" " tag="012"><subfield code="i">9106</subfield></datafield><datafield ind1=" " ind2=" " tag="019"><subfield code="a">23369402</subfield><subfield code="a">175687741</subfield></datafield><datafield ind1="1" ind2=" " tag="029"><subfield code="a">AU@</subfield><subfield code="b">000008328194</subfield></datafield><datafield ind1=" " ind2=" " tag="042"><subfield code="a">msc</subfield></datafield><datafield ind1=" " ind2=" " tag="043"><subfield code="a">n-us-ny</subfield></datafield><datafield ind1=" " ind2="4" tag="050"><subfield code="a">AN2.A2</subfield><subfield code="b">N49</subfield></datafield><datafield ind1="0" ind2="0" tag="245"><subfield code="a">Independent gazette, or, The New-York journal revived</subfield><subfield code="h">[microform].</subfield></datafield><datafield ind1="3" ind2=" " tag="246"><subfield code="a">Independent gazette, or, The New York journal revived</subfield></datafield><datafield ind1="3" ind2=" " tag="246"><subfield code="a">New York journal revived</subfield></datafield><datafield ind1="3" ind2="0" tag="246"><subfield code="a">New-York journal revived</subfield></datafield><datafield ind1=" " ind2=" " tag="260"><subfield code="a">New York :</subfield><subfield code="b">J. Holt,</subfield><subfield code="c">1783-1784.</subfield></datafield><datafield ind1=" " ind2=" " tag="300"><subfield code="a">20 no. ;</subfield><subfield code="c">43 cm.</subfield></datafield><datafield ind1=" " ind2=" " tag="310"><subfield code="a">Weekly,</subfield><subfield code="b">Feb. 19-Mar. 11, 1784</subfield></datafield><datafield ind1=" " ind2=" " tag="321"><subfield code="a">Weekly,</subfield><subfield code="b">Dec. 13, 1783-Jan. 3, 1784</subfield></datafield><datafield ind1=" " ind2=" " tag="321"><subfield code="a">Semiweekly,</subfield><subfield code="b">Jan. 8-Feb. 14, 1784</subfield></datafield><datafield ind1="0" ind2=" " tag="362"><subfield code="a">No. 4 (Dec. 13, 1783)-no. 23 (Mar. 11, 1784).</subfield></datafield><datafield ind1=" " ind2=" " tag="533"><subfield code="a">Microfilm.</subfield><subfield code="b">New Canaan, Ct. :</subfield><subfield code="c">Readex Microprint Corp.</subfield><subfield code="e">1 microfilm reel ; 35 mm.</subfield><subfield code="f">(Early American newspapers)</subfield><subfield code="n">Filmed with earlier title.</subfield></datafield><datafield ind1=" " ind2="0" tag="651"><subfield code="a">New York (N.Y.)</subfield><subfield code="v">Newspapers.</subfield></datafield><datafield ind1=" " ind2="0" tag="651"><subfield code="a">New York County (N.Y.)</subfield><subfield code="v">Newspapers.</subfield></datafield><datafield ind1=" " ind2="7" tag="655"><subfield code="a">Newspapers.</subfield><subfield code="2">fast</subfield><subfield code="0">(OCoLC)fst01423814</subfield></datafield><datafield ind1=" " ind2="7" tag="651"><subfield code="a">New York (State)</subfield><subfield code="z">New York.</subfield><subfield code="2">fast</subfield><subfield code="0">(OCoLC)fst01204333</subfield></datafield><datafield ind1=" " ind2="7" tag="651"><subfield code="a">New York (State)</subfield><subfield code="z">New York County.</subfield><subfield code="2">fast</subfield><subfield code="0">(OCoLC)fst01234953</subfield></datafield><datafield ind1=" " ind2=" " tag="752"><subfield code="a">United States</subfield><subfield code="b">New York</subfield><subfield code="c">New York</subfield><subfield code="d">New York.</subfield></datafield><datafield ind1="1" ind2=" " tag="776"><subfield code="c">Original</subfield><subfield code="w">(DLC)sn 83030561</subfield><subfield code="w">(OCoLC)9563527</subfield></datafield><datafield ind1="0" ind2="0" tag="780"><subfield code="t">Independent New-York gazette</subfield><subfield code="w">(DLC)sn 91026084</subfield><subfield code="w">(OCoLC)23437628</subfield></datafield><datafield ind1="0" ind2="0" tag="785"><subfield code="t">New-York journal, and State gazette</subfield><subfield code="w">(OCoLC)17736247</subfield></datafield><datafield ind1=" " ind2="0" tag="830"><subfield code="a">Early American newspapers.</subfield></datafield><datafield ind1=" " ind2=" " tag="850"><subfield code="a">AU</subfield><subfield code="a">MH</subfield></datafield></record>